<?xml version="1.0" encoding="UTF-8"?>
<record xmlns="http://www.loc.gov/MARC21/slim" xmlns:xsi="http://www.w3.org/2001/XMLSchema-instance" xsi:schemaLocation="http://www.loc.gov/MARC21/slim http://www.loc.gov/standards/marcxml/schema/MARC21slim.xsd">
<leader>     nam a2200229   4500</leader>
<controlfield tag="001">002823823</controlfield>
<controlfield tag="003">NNU</controlfield>
<controlfield tag="005">19940713181853.0</controlfield>
<controlfield tag="008">870624s1924    ua ac         000 0 ara d</controlfield>
<datafield tag="035" ind1="9" ind2=" ">
<subfield code="a">NYUb10531795</subfield>
</datafield>
<datafield tag="035" ind1=" " ind2=" ">
<subfield code="a">(CStRLIN)NYUG87-B21097</subfield>
</datafield>
<datafield tag="035" ind1=" " ind2=" ">
<subfield code="a">GLIS005317951</subfield>
</datafield>
<datafield tag="040" ind1=" " ind2=" ">
<subfield code="a">MiU</subfield>
<subfield code="c">MiU</subfield>
<subfield code="d">NNU</subfield>
</datafield>
<datafield tag="090" ind1=" " ind2=" ">
<subfield code="i">06/24/87 CT</subfield>
</datafield>
<datafield tag="100" ind1="0" ind2=" ">
<subfield code="a">Qadrīyah Ḥusayn,</subfield>
<subfield code="c">Princess</subfield>
</datafield>
<datafield tag="245" ind1="1" ind2="0">
<subfield code="a">Shahīrāt al-nisāʼ fī al-ʻālam al-Islāmī /</subfield>
<subfield code="c">bi-qalam Qadrīyah Ḥusayn ; taʻrīb ʻAbd al-ʻAzi̇z Amīn al-Khȧjī.</subfield>
</datafield>
<datafield tag="250" ind1=" " ind2=" ">
<subfield code="a">al-Ṭabʻah 1.</subfield>
</datafield>
<datafield tag="260" ind1=" " ind2=" ">
<subfield code="a">Miṣr :</subfield>
<subfield code="b">al-Maktabah al-Miṣrīyah,</subfield>
<subfield code="c">1924.</subfield>
</datafield>
<datafield tag="300" ind1=" " ind2=" ">
<subfield code="a">2 v. in 1. :</subfield>
<subfield code="b">ill., ports. ;</subfield>
<subfield code="c">24 cm.</subfield>
</datafield>
<datafield tag="650" ind1=" " ind2="0">
<subfield code="a">Muslim women.</subfield>
</datafield>
<datafield tag="OWN" ind1=" " ind2=" ">
<subfield code="a">GENERAL</subfield>
</datafield>
<datafield tag="950" ind1=" " ind2=" ">
<subfield code="l">BMAIN</subfield>
<subfield code="a">BP173.4</subfield>
<subfield code="b">.Q2 1924</subfield>
<subfield code="i">06/24/87 C</subfield>
</datafield>
<datafield tag="955" ind1=" " ind2=" ">
<subfield code="l">BMAIN</subfield>
<subfield code="c">1</subfield>
<subfield code="r">012499615</subfield>
<subfield code="i">06/24/87 C</subfield>
</datafield>
<datafield tag="998" ind1=" " ind2=" ">
<subfield code="a">06/24/87</subfield>
<subfield code="t">c</subfield>
<subfield code="s">9124</subfield>
<subfield code="n">NNU</subfield>
<subfield code="w">MIUG87B33483</subfield>
<subfield code="d">06/24/87</subfield>
<subfield code="b">DR</subfield>
<subfield code="i">870624</subfield>
<subfield code="l">NYUG</subfield>
</datafield>
<datafield tag="AVA" ind1=" " ind2=" ">
<subfield code="a">NYU50</subfield>
<subfield code="b">BOBST</subfield>
<subfield code="c">Main Collection</subfield>
<subfield code="d">BP173.4 .Q2 1924</subfield>
<subfield code="e">unavailable</subfield>
<subfield code="t">Unavailable</subfield>
<subfield code="f">1</subfield>
<subfield code="g">1</subfield>
<subfield code="h">N</subfield>
<subfield code="i">0</subfield>
<subfield code="j">MAIN</subfield>
<subfield code="k">0</subfield>
</datafield>
</record>
